<?xml version="1.0" encoding="UTF-8"?><collection xmlns="http://www.loc.gov/MARC21/slim"><record><leader>00573nam--2200169-i-4500</leader><controlfield tag="001">000048512</controlfield><controlfield tag="002">20161230</controlfield><controlfield tag="005">20161230201047</controlfield><controlfield tag="008">060222s1000------------r-----000-0-eng-d</controlfield><datafield ind1=" " ind2=" " tag="040"><subfield code="a">IFIN-HH</subfield></datafield><datafield ind1=" " ind2=" " tag="080"><subfield code="a">539,073.3(061.3)</subfield></datafield><datafield ind1="1" ind2=" " tag="100"><subfield code="a">Cashmore, R.J</subfield></datafield><datafield ind1="1" ind2="0" tag="245"><subfield code="a">Young high energy physicists</subfield><subfield code="b">Proeedings of the school for young high energy physicists rurherford and appleton laboratory september 11-24 1983</subfield><subfield code="c">R.j. cashmore (ed.)</subfield></datafield><datafield ind1=" " ind2=" " tag="260"><subfield code="a">Chilton</subfield><subfield code="b">Rurherford And Appleton Laboratory</subfield><subfield code="c">1983</subfield></datafield><datafield ind1=" " ind2=" " tag="300"><subfield code="a">192P</subfield></datafield><datafield ind1=" " ind2=" " tag="852"><subfield code="a">78977</subfield><subfield code="c">539.131</subfield></datafield><datafield ind1=" " ind2=" " tag="CAT"><subfield code="a">Sys</subfield><subfield code="c">20120314</subfield><subfield code="h">154527</subfield></datafield></record></collection>